@article{birk2006rescue,
  title={Rescue roboticsâ€”a crucial milestone on the road to autonomous systems},
  author={Birk, Andreas and Carpin, Stefano},
  journal={Advanced Robotics},
  volume={20},
  number={5},
  pages={595--605},
  year={2006},
  publisher={Taylor \& Francis}
}


